@article{aba,
  title={Intervenci{\'o}n educativa sobre el condiloma acuminado en mujeres en edad f{\'e}rtil},
  author={S{\'a}ez, Yoandra Gonz{\'a}lez and Masa, Zeida Alfonso and S{\'a}ez, Isbel Hern{\'a}ndez and Delgado, Jorge C{\'e}sar Pedroso and Wong, Zoila Corrales and Verdecia, Yadilka G{\'o}mez},
  journal={Revista Cubana de Obstetricia y Ginecolog{\'\i}a},
  volume={38},
  number={3},
  year={2012}
}